@book{guttman1995introduction,
  title={An introduction to computer security: the NIST handbook},
  author={Guttman, Barbara and Roback, Edward A},
  year={1995},
  publisher={Diane Publishing}
}
@book{stallings2012computer,
  title={Computer security: principles and practice},
  author={Stallings, William and Brown, Lawrie and Bauer, Michael D and Bhattacharjee, Arup Kumar},
  year={2012},
  publisher={Pearson Education Upper Saddle River, NJ, USA}
}
@phdthesis{balliu2014logics,
  title={Logics for information flow security: from specification to verification},
  author={Balliu, Musard},
  year={2014},
  school={KTH Royal Institute of Technology}
}
@article{do2019role,
  title={The role of the adversary model in applied security research},
  author={Do, Quang and Martini, Ben and Choo, Kim-Kwang Raymond},
  journal={Computers \& Security},
  volume={81},
  pages={156--181},
  year={2019},
  publisher={Elsevier}
}
@article{sabelfeld2003language,
  title={Language-based information-flow security},
  author={Sabelfeld, Andrei and Myers, Andrew C},
  journal={IEEE Journal on selected areas in communications},
  volume={21},
  number={1},
  pages={5--19},
  year={2003},
  publisher={IEEE}
}
@inproceedings{agten2012recent,
  title={Recent developments in low-level software security},
  author={Agten, Pieter and Nikiforakis, Nick and Strackx, Raoul and De Groef, Willem and Piessens, Frank},
  booktitle={IFIP International Workshop on Information Security Theory and Practice},
  pages={1--16},
  year={2012},
  organization={Springer}
}
@article{denning1977certification,
  title={Certification of programs for secure information flow},
  author={Denning, Dorothy E and Denning, Peter J},
  journal={Communications of the ACM},
  volume={20},
  number={7},
  pages={504--513},
  year={1977},
  publisher={ACM New York, NY, USA}
}
@inproceedings{jang2010empirical,
  title={An empirical study of privacy-violating information flows in JavaScript web applications},
  author={Jang, Dongseok and Jhala, Ranjit and Lerner, Sorin and Shacham, Hovav},
  booktitle={Proceedings of the 17th ACM conference on Computer and communications security},
  pages={270--283},
  year={2010}
}
@article{denning1976lattice,
  title={A lattice model of secure information flow},
  author={Denning, Dorothy E},
  journal={Communications of the ACM},
  volume={19},
  number={5},
  pages={236--243},
  year={1976},
  publisher={ACM New York, NY, USA}
}
@unpublished{winter2020information,
  title={Information flow security in the presence of fine-grained concurrency},
  author={Winter, Kirsten and Smith, Graeme and Coughlin, Nicholas},
  month={August},
  year={2020},
}
@inproceedings{mantel2014noninterference,
  title={Noninterference under weak memory models},
  author={Mantel, Heiko and Perner, Matthias and Sauer, Jens},
  booktitle={2014 IEEE 27th Computer Security Foundations Symposium},
  pages={80--94},
  year={2014},
  organization={IEEE}
}
@inproceedings{smith2019value,
  title={Value-Dependent Information-Flow Security on Weak Memory Models},
  author={Smith, Graeme and Coughlin, Nicholas and Murray, Toby},
  booktitle={International Symposium on Formal Methods},
  pages={539--555},
  year={2019},
  organization={Springer}
}
@inproceedings{vaughan2012secure,
  title={Secure information flow for concurrent programs under total store order},
  author={Vaughan, Jeffrey A and Millstein, Todd},
  booktitle={2012 IEEE 25th Computer Security Foundations Symposium},
  pages={19--29},
  year={2012},
  organization={IEEE}
}
@inproceedings{mantel2011assumptions,
  title={Assumptions and guarantees for compositional noninterference},
  author={Mantel, Heiko and Sands, David and Sudbrock, Henning},
  booktitle={2011 IEEE 24th Computer Security Foundations Symposium},
  pages={218--232},
  year={2011},
  organization={IEEE}
}
@inproceedings{ernst2019seccsl,
  title={SecCSL: Security concurrent separation logic},
  author={Ernst, Gidon and Murray, Toby},
  booktitle={International Conference on Computer Aided Verification},
  pages={208--230},
  year={2019},
  organization={Springer}
}
@inproceedings{murray2018covern,
  title={COVERN: A logic for compositional verification of information flow control},
  author={Murray, Toby and Sison, Robert and Engelhardt, Kai},
  booktitle={2018 IEEE European Symposium on Security and Privacy (EuroS\&P)},
  pages={16--30},
  year={2018},
  organization={IEEE}
}
@mastersthesis{prakash1991non,
  title={Non-blocking algorithms for concurrent data structures},
  author={Prakash, Sundeep and Lee, Yann-Hang and Johnson, Theodore},
  year={1991},
  school={Citeseer}
}
@inproceedings{d2015correctness,
  title={The correctness-security gap in compiler optimization},
  author={D'Silva, Vijay and Payer, Mathias and Song, Dawn},
  booktitle={2015 IEEE Security and Privacy Workshops},
  pages={73--87},
  year={2015},
  organization={IEEE}
}
@misc{cwe14, 
  title={Compiler Removal of Code to Clear Buffers}, 
  url={https://cwe.mitre.org/data/definitions/14.html}, 
  journal={CWE},
  note={Accessed: 2020-09-01},
  year={2006}
} 
@misc{cwe733,
  title={Compiler Optimization Removal or Modification of Security-critical Code}, 
  url={https://cwe.mitre.org/data/definitions/733.html}, 
  journal={CWE},
  note={Accessed: 2020-09-01},
  year={2008}
} 
@misc{gccoptimise,
  title={Options That Control Optimization}, 
  url={https://gcc.gnu.org/onlinedocs/gcc/Optimize-Options.html}, 
  journal={GCC},
  note={Accessed: 2020-09-01}
}
@article{benton2004simple,
  title={Simple relational correctness proofs for static analyses and program transformations},
  author={Benton, Nick},
  journal={ACM SIGPLAN Notices},
  volume={39},
  number={1},
  pages={14--25},
  year={2004},
  publisher={ACM New York, NY, USA}
}
@inproceedings{leroy2006formal,
  title={Formal certification of a compiler back-end or: programming a compiler with a proof assistant},
  author={Leroy, Xavier},
  booktitle={Conference record of the 33rd ACM SIGPLAN-SIGACT symposium on Principles of programming languages},
  pages={42--54},
  year={2006}
}